3600 5850
498 406 697 467 aarum.

302 630 416 680 virorum
435 629 470 679 ad
488 644 530 679 me
548 628 616 679 datis
634 628 718 679 literis
741 633 833 691 postea
859 624 937 677 intel·

305 703 364 752 lezi.

265 775 335 824 Ante
353 774 442 823 omnia
459 778 549 822 tamm
567 786 666 835 magna
681 770 821 834 voluptate
838 784 879 819 me
899 768 938 819 si·

303 846 368 896 lecit
386 845 491 894 unicam
511 844 553 893 lli.
574 843 640 893 Cels.
663 844 772 893 Vestrae
799 842 936 905 iudicium,

301 916 364 966 dum
383 916 491 965 mirifice
509 932 536 964 se
557 931 585 964 se
606 931 637 964 eo
658 915 756 979 scripto
780 914 938 963 delectatam

302 989 382 1037 fuisse
400 987 463 1036 mibi
476 986 617 1051 aliquoties
636 986 741 1037 retulit:
760 996 786 1035 et
801 986 939 1036 Lucretia·

303 1076 366 1110 nam
384 1057 540 1123 appellavit.

268 1132 348 1183 Porro
366 1134 445 1181 Bana
472 1129 519 1179 illa
537 1135 565 1179 et
583 1131 696 1179 Lacerta
723 1129 845 1179 Carmina
864 1143 881 1178 a
900 1142 941 1177 me

303 1202 451 1253 celebratae
470 1211 497 1251 et
515 1201 585 1265 typis
608 1200 827 1251 Oracoviensibas
845 1199 875 1249 in
894 1214 941 1262 pu·

303 1274 403 1325 blicam
422 1273 584 1337 divulgatae,
597 1272 635 1322 ita
648 1272 744 1324 deinde
756 1271 875 1322 diversas
888 1280 939 1320 ter·

303 1362 391 1396 rarum
406 1346 526 1410 regiones
540 1351 722 1409 peragrarunt,
735 1351 765 1394 ut
777 1344 854 1394 etiarn
869 1343 940 1391 intra

304 1419 401 1468 Romae
421 1415 524 1467 moenia
543 1417 708 1480 perveniunt,
720 1416 765 1464 ubi
778 1429 824 1465 eae
835 1414 873 1464 ct.
889 1415 939 1471 vir,

303 1488 434 1539 Antonius
463 1486 632 1552 Quaeriagus
662 1487 818 1548 Patavinae,
847 1484 941 1535 summi

306 1560 440 1610 Pontificio
459 1561 520 1608 olim
541 1559 658 1622 Gregorii
674 1560 748 1607 lllll.
769 1560 941 1621 secretarius,

305 1632 392 1696 lepido
410 1642 436 1681 st
454 1642 549 1696 arguto
568 1632 765 1695 epigrammate,
785 1629 854 1693 quod
879 1628 942 1678 huic

305 1704 462 1768 praelationi
486 1702 704 1766 praemittendum
731 1702 803 1763 duxi,
828 1701 940 1750 ornavit.

272 1792 460 1843 Deficientibus
474 1790 580 1841 tandem
593 1791 719 1856 exemplis
733 1789 877 1841 cracoviae
895 1789 943 1837 irn-

306 1865 411 1929 preesis,
425 1864 463 1914 Ol.
476 1871 502 1913 et
512 1862 618 1913 doctiss.
633 1865 672 1911 vir
683 1862 839 1912 Laurentius
853 1860 941 1911 Schol-

306 1936 372 1997 cius,
392 1934 540 1984 montense
568 1941 595 1982 et
623 1934 805 1996 Philosophiae
835 1933 942 1993 Doctus,

305 2017 332 2056 et
350 2022 436 2055 terum
455 2006 616 2055 naturalium
634 2006 776 2069 indagator
800 2004 940 2052 solertissi-

305 2094 373 2133 mus.
437 2078 526 2127 recudi
539 2078 567 2126 in
580 2076 723 2126 Germania
741 2075 850 2126 eandem
871 2076 942 2123 lucu·

306 2150 501 2200 bratiunculam
526 2164 609 2197 meam
635 2148 667 2197 de
692 2150 769 2198 Rana
792 2158 818 2197 et
844 2148 944 2217 lacerta
982 2168 985 2175 ·

307 2223 424 2271 curarit:
436 2228 529 2285 ettatq
542 2235 573 2269 ea
586 2219 686 2270 ineerta
698 2220 793 2269 Medici
806 2218 869 2268 clim
878 2218 940 2267 Cae·

307 2295 369 2343 sarii
382 2293 476 2353 eximii,
489 2291 602 2342 «loannis
616 2291 738 2342 Cratonis
752 2306 768 2340 a
781 2288 944 2339 Crasstheitn

306 2365 456 2427 Opusculis,
474 2365 501 2412 in
519 2363 614 2427 quibus
632 2363 665 2412 de
684 2364 822 2427 generibus
841 2361 943 2411 succini

307 2436 437 2501 quaedam
455 2442 611 2485 tractantur.

272 2509 338 2558 Cum
366 2508 455 2570 itaque
482 2506 588 2570 reptilia
614 2506 660 2555 illa
684 2505 821 2566 vilissima,
849 2502 939 2555 Lucre-

308 2577 382 2629 tiana
400 2579 516 2643 quadam
534 2585 607 2627 veste
625 2591 642 2627 a
659 2592 702 2626 me
725 2584 827 2639 ornata,
846 2576 944 2641 passim

308 2651 488 2710 inclaruerint,
507 2656 534 2699 et
553 2649 663 2712 primum
691 2648 719 2696 in
739 2647 839 2711 inclyto
870 2649 941 2696 Polo·

307 2722 369 2771 niae
397 2722 497 2784 aeguo,
526 2721 621 2769 deinde
640 2721 667 2768 in
695 2719 890 2782 Transylvania
918 2726 944 2768 et

307 2794 396 2844 vicina
415 2794 563 2856 llungsria,
582 2807 695 2840 necnon
709 2792 736 2839 in
751 2790 828 2840 ltalia
841 2801 867 2840 et
880 2791 943 2839 Ger-

307 2865 396 2915 manis
415 2866 619 2928 incentricem
634 2869 674 2912 est
686 2861 777 2913 eedem
792 2863 878 2912 denuo
891 2864 945 2928 Ty·

308 2937 348 3001 pis
363 2937 520 3000 liigensibus
533 2950 636 2999 recusa,
650 2936 743 2985 lllmae
752 2935 820 2985 Cels.
835 2935 943 2984 Vestrae

307 3008 470 3059 Zamoscium
489 3023 592 3071 quoque
611 3007 722 3068 mittere,
743 3014 772 3055 ut
788 3007 823 3056 ibi
837 3008 863 3055 in
878 3007 944 3056 llus·

310 3081 356 3136 eia.
377 3079 540 3129 nobilissima
552 3079 637 3142 Regni
652 3077 784 3137 Poloniae,
797 3079 943 3140 Provincia,

308 3160 336 3201 et
354 3154 437 3200 multa
457 3153 571 3200 maxima
589 3149 696 3214 ingenia
709 3149 876 3214 producente,
888 3165 944 3200 ms·

309 3225 351 3288 gis
363 3223 500 3287 magisque
518 3223 694 3272 innotescant.

275 3311 510 3362 commendaverat
538 3311 600 3359 olim
630 3310 706 3360 lllma
734 3311 803 3359 Cels.
827 3310 859 3362 V.
878 3309 944 3373 Regi

310 3383 453 3447 Stephano,
473 3383 552 3432 libros
572 3382 761 3446 Stephaneidos
786 3397 860 3431 meae
879 3380 945 3445 prio·

309 3470 359 3517 res,
378 3455 490 3518 scriptos
502 3454 534 3503 de
550 3452 616 3502 bello
630 3463 721 3503 contra
742 3453 885 3517 Moschum,
900 3469 945 3516 pro

309 3524 490 3590 recuperanda
510 3523 620 3576 hivonia
633 3533 719 3590 gesto,
738 3526 781 3576 cui
794 3527 945 3574 interfuisse

310 3613 350 3647 me
369 3605 395 3647 et
413 3597 534 3647 seruiisse
553 3603 607 3646 toto
626 3596 743 3660 triennis,
774 3597 850 3645 lllma
875 3596 935 3646 Cels

309 3670 339 3719 V.
360 3669 471 3734 benique
489 3668 650 3719 recordatur.

272 3743 361 3805 Atque
379 3756 411 3791 ea
429 3754 493 3790 tunc
511 3737 711 3799 commendatio,
730 3745 834 3790 tentum
853 3739 947 3790 habuit

262 3832 265 3836 ⁴
307 3821 372 3863 tunc
394 3813 495 3876 pondus
514 3821 588 3860 utet
607 3814 722 3861 animum
747 3812 837 3876 Regis,
856 3825 945 3874 exper-

305 3893 348 3934 tus
368 3884 462 3934 fuerim
481 3885 509 3932 in
528 3899 568 3932 me
594 3885 833 3946 propensissimum.
860 3895 887 3931 et
906 3899 947 3931 me

1241 402 1439 463 naamatttt.

1674 552 1704 561 --

1065 623 1228 675 curriculum
1248 625 1305 674 Deo
1318 621 1441 677 sthimia
1460 624 1559 677 maiore
1577 638 1644 677 cura
1662 623 1705 673 tri·

1067 697 1158 747 baant.

1031 769 1071 818 De
1083 768 1216 832 opusculis
1230 768 1303 831 meis,
1318 768 1464 817 florentiore
1477 783 1544 818 aevo
1555 782 1613 818 meo
1626 766 1705 829 scrip-

1066 841 1109 902 tia,
1129 839 1295 891 Academicis
1319 839 1429 897 scilicet.
1459 840 1560 890 aulicis
1581 847 1608 889 et
1629 837 1704 888 Belli-

1066 912 1104 962 cis
1123 912 1150 961 in
1170 912 1303 975 publicum
1316 910 1433 974 edendis,
1452 912 1506 961 iam
1519 910 1628 976 alonge
1643 916 1703 960 tem-

1068 998 1129 1047 pore
1147 982 1184 1031 fui
1205 983 1342 1033 sollicitus.
1375 983 1427 1033 Sed
1446 982 1568 1034 infelicia
1588 992 1704 1045 tempora

1066 1062 1093 1103 st
1111 1053 1297 1117 impedimenta
1315 1054 1403 1115 varla,
1421 1054 1543 1105 ultimam
1562 1054 1653 1105 limam
1673 1054 1702 1101 iis

1065 1126 1198 1190 imponere
1222 1126 1326 1190 huiusq.
1346 1126 1543 1189 prohibuerant.
1562 1125 1704 1176 Prodibunt
1776 1173 1779 1182 ,

1068 1206 1155 1247 tamen
1175 1196 1223 1247 illa
1242 1212 1289 1246 suo
1307 1206 1430 1261 tempore.

1031 1269 1139 1319 interim
1169 1268 1298 1319 illesis.
1325 1269 1355 1319 V.
1375 1270 1440 1321 baec
1467 1268 1527 1331 duo,
1559 1268 1653 1319 Ranae
1680 1274 1706 1317 et

1067 1342 1203 1401 Lacertae,
1223 1340 1402 1391 memorabilia
1413 1338 1583 1401 monimenta,
1603 1340 1632 1389 iu
1645 1339 1704 1388 duo·

1066 1414 1115 1463 bus
1134 1412 1236 1462 saccini
1254 1411 1392 1476 pellucidis
1420 1413 1512 1461 frustis
1540 1412 1704 1477 apparentia,

1068 1498 1144 1534 ame
1168 1484 1310 1548 descripta,
1340 1485 1436 1548 quibus
1464 1486 1545 1533 etiarn
1573 1490 1705 1533 certamen

1067 1556 1135 1605 inter
1157 1556 1253 1605 Ursum
1271 1564 1298 1603 et
1317 1558 1428 1621 Aprum,
1457 1555 1528 1606 lectu
1556 1570 1611 1604 nou
1641 1553 1706 1604 iniu-

1068 1628 1193 1685 cundum,
1213 1627 1340 1691 aduingo‚
1359 1629 1472 1691 benique
1491 1628 1569 1691 legat.

1033 1699 1092 1749 Vidi
1113 1700 1183 1763 apud
1206 1699 1245 1747 lll.
1265 1701 1332 1749 Cels.
1355 1700 1383 1747 V.
1404 1700 1586 1749 Trinummurn
1610 1695 1705 1759 Plauti,

1068 1786 1086 1820 a
1104 1770 1245 1831 Cseclinio,
1267 1776 1328 1835 tteg.
1349 1771 1413 1820 llltis
1426 1770 1570 1821 secretario
1590 1770 1619 1819 in
1635 1767 1704 1818 Polo·

1070 1843 1159 1891 nicam
1180 1844 1299 1905 linguam
1319 1856 1485 1902 conversum,
1505 1853 1558 1891 tam
1580 1842 1706 1905 apposite,
1780 1843 1783 1852 '

1070 1921 1124 1963 tarn
1153 1912 1295 1978 eleganter,
1316 1918 1345 1963 ut
1363 1914 1387 1963 ei
1408 1914 1518 1963 Plautus
1546 1914 1606 1977 ipse
1635 1928 1706 1961 nunc
1780 1917 1783 1926 '

1068 1988 1176 2042 viveret,
1205 1986 1296 2035 mallet
1314 1985 1365 2035 hac
1385 1984 1509 2035 Polonics
1537 1991 1609 2048 toga,
1629 1998 1705 2048 quam

1069 2058 1189 2107 Romans
1219 2056 1327 2107 indutae
1366 2058 1399 2107 ab
1428 2056 1550 2106 omuibus
1581 2054 1704 2118 conspici.

1072 2128 1270 2193 Epigrammata
1289 2144 1350 2178 vero
1369 2130 1402 2178 ab
1422 2127 1569 2177 illustribus
1589 2135 1617 2176 et
1629 2142 1705 2190 gene·
1779 2111 1783 2134 ¹

1069 2202 1136 2249 ursis
1163 2196 1326 2264 Ostrcrogio,
1355 2200 1492 2258 florberto,
1521 2198 1656 2249 Simonide
1681 2206 1705 2247 et

1068 2273 1128 2322 aliis
1147 2271 1228 2321 simili
1250 2272 1341 2337 lingua
1354 2272 1477 2337 polonica
1497 2270 1652 2321 Trinummo
1668 2269 1706 2318 illi
1777 2295 1781 2306 ·

1071 2344 1194 2393 Plautino
1211 2344 1361 2407 praemissa,
1382 2350 1484 2393 tantem
1495 2342 1595 2392 habent
1614 2342 1703 2391 inven-

1068 2415 1147 2465 tionis
1166 2414 1347 2477 subtilitatem,
1366 2421 1394 2464 et
1405 2414 1433 2464 in
1446 2414 1550 2463 delectu
1570 2415 1703 2463 verborum

1069 2502 1186 2545 nervum,
1206 2493 1236 2536 ut
1254 2502 1314 2537 curn
1333 2486 1403 2535 otnni
1422 2485 1581 2551 antiquitate
1607 2491 1705 2534 certare
1778 2513 1783 2522 ·

1069 2558 1216 2609 videantur.
1237 2558 1341 2607 Habuit
1359 2558 1454 2607 ltrtssia
1483 2571 1585 2620 semper
1604 2556 1704 2619 aliquos

1070 2644 1166 2695 magno
1185 2630 1290 2693 ingenio
1308 2638 1336 2679 et
1348 2630 1502 2680 acutissimo
1520 2628 1619 2677 indicio
1636 2642 1704 2691 prae·

1070 2702 1138 2751 ditos
1157 2702 1234 2763 viros,
1254 2703 1322 2751 inter
1347 2700 1494 2765 quos'olim
1512 2700 1592 2750 etiam
1613 2699 1705 2749 claruit

1070 2772 1220 2824 stanislaus
1249 2771 1294 2823 ille
1322 2772 1514 2833 Orzechovius,
1543 2770 1705 2833 Ohymaerae

1070 2844 1242 2894 Stancaricae
1260 2854 1425 2908 oppugnator
1438 2844 1587 2893 acerrimus.
1610 2841 1644 2890 Et
1664 2858 1705 2890 no-

1069 2923 1125 2966 stra
1144 2914 1275 2977 memoria,
1295 2916 1358 2981 qaid
1379 2915 1548 2966 Kochanouio
1575 2912 1704 2966 nobilissi-

1069 3004 1112 3038 mo
1143 2991 1240 3038 Poetae
1276 2989 1374 3038 Polono
1412 2987 1502 3050 deest,
1534 2993 1563 3038 at
1598 2987 1626 3036 ia
1660 3001 1705 3036 sua

1070 3060 1161 3124 linqua
1189 3061 1303 3116 Marone,
1334 3059 1459 3122 Horatio,
1488 3066 1515 3110 et
1540 3057 1662 3110 hlartials
1681 3059 1704 3105 in

1070 3132 1141 3181 onrni
1156 3147 1251 3196 genere
1270 3147 1392 3182 versuum
1411 3130 1558 3194 comparari
1577 3146 1629 3180 non
1650 3145 1705 3194 pos·

1070 3203 1122 3254 sit?
1153 3204 1245 3253 Plures
1273 3203 1377 3253 omitto:
1401 3215 1518 3267 optarem
1543 3207 1632 3252 autem
1658 3201 1704 3251 ali-

1070 3290 1135 3339 quos
1154 3291 1222 3336 esse,
1239 3276 1283 3337 qui
1303 3275 1330 3324 in
1350 3275 1399 3324 hoc
1416 3289 1474 3324 meo
1492 3280 1656 3338 argumento,
1675 3271 1704 3321 de

1071 3348 1147 3396 Rana
1166 3347 1192 3396 in
1215 3347 1329 3396 Succino
1357 3354 1509 3410 apparente,
1537 3345 1636 3409 ingenii
1666 3343 1704 3394 sui

1071 3419 1140 3468 vires
1170 3433 1290 3468 exercere
1329 3417 1435 3468 vellent.
1473 3416 1548 3478 Quod
1577 3416 1703 3481 reliquum

1071 3499 1118 3553 est,
1138 3489 1290 3540 commendo
1309 3505 1350 3539 nte
1363 3488 1402 3538 lll.
1424 3487 1492 3540 Cels.
1515 3487 1543 3541 V,
1564 3489 1661 3550 favori,
1680 3488 1704 3534 in

1071 3577 1126 3626 eoq.
1146 3561 1296 3612 conservari
1321 3561 1451 3610 submisse
1475 3571 1542 3624 peto.
1574 3559 1645 3610 Data
1663 3559 1704 3608 Ri-

1072 3647 1122 3697 gae
1141 3640 1191 3684 etc.
1788 3671 1789 3694 ,

1036 3703 1095 3754 leet
1113 3705 1154 3754 tet
1173 3703 1302 3768 pruedruk
1321 3710 1381 3768 tego
1395 3720 1417 3751 w
1432 3705 1499 3755 Acta
1517 3703 1655 3754 Borassica
1673 3702 1704 3750 ll.
1783 3708 1787 3719 “

1074 3775 1133 3826 121.
1155 3777 1200 3825 bea
1220 3776 1292 3839 tycia
1313 3775 1321 3824 i
1340 3773 1496 3840 prsypisdw.
1516 3775 1611 3824 Tamte
1632 3775 1651 3822 l.
1672 3771 1703 3823 42

1074 3845 1143 3898 -58
1163 3846 1287 3911 praeltlsd
1301 3846 1449 3898 uiemieeki.
1558 3847 1672 3896 Osartor.

308 3957 381 4020 regia
399 3955 554 4004 officientem
579 3955 753 4004 liberalitate:
783 3969 861 4019 quam
890 3955 947 4003 sine
1050 3971 1094 3993 “““’
1119 3935 1280 4018 Stephano
1306 3935 1330 3996 l.
1358 3935 1432 4013 Regi
1459 3932 1609 3998 poloniae
1641 3933 1707 3996 Ma·

309 4027 387 4076 dubio
400 4028 524 4076 maiorem
540 4034 708 4091 percepturus
719 4027 836 4086 fuissem,
846 4027 867 4074 ’ἰ
880 4026 948 4075 Fue
984 4025 1080 4104 ximo,
1099 4027 1283 4108 Sapientiae.
1302 4023 1434 4088 Fortiee.
1448 4023 1618 4087 immature
1629 4044 1705 4086 mor·

310 4100 410 4149 diutius
429 4099 527 4163 Regem
546 4097 620 4147 illurn
640 4098 728 4146 vivere
747 4097 901 4148 voluissent.
986 4127 1015 4177 te
1041 4131 1205 4198 praerepm
1233 4113 1418 4176 Communis
1442 4112 1578 4197 Reipub'
1604 4111 1707 4176 [Λώ-

274 4186 481 4279 (quspomine
502 4187 732 4271 tiermenuastqgi
746 4185 826 4249 swoje
842 4203 858 4234 ¹¹
873 4185 948 4269 ὠ
987 4225 1105 4290 tymae.
1131 4163 1252 4266 Ausdre
1281 4201 1414 4266 Daniele
1439 4202 1625 4266 Hermanno
1649 4202 1707 4264 Bo-

310 4261 421 4392 ῗζὲῗξζ
440 4258 598 4394 ζὲἱοῗῶῒέ
608 4258 948 4394 ,iizkgofflaffsszfflssf
985 4315 1085 4396 rrrsso.
1113 4292 1238 4394 Vilnae,
1272 4292 1374 4380 'lypis
1406 4292 1540 4355 loannis
1564 4291 1704 4356 Velicen
1784 4288 1789 4309 ¹

309 4404 401 4467 megod
429 4401 627 4465 Zamoyskiego.
665 4400 792 4464 Obiecuje
816 4403 857 4451 tet
876 4403 949 4451 subis
987 4406 1017 4447 tn
1042 4382 1145 4447 iucem
1171 4381 1287 4445 editae.
1312 4402 1342 4444 W
1365 4386 1434 4458 tice,
1460 4383 1479 4444 7
1503 4380 1577 4444 kalt

310 4473 429 4539 ''²8¹th
443 4472 525 4558 '¹³⁶¹ss
537 4474 685 4537 zlssmuni³
705 4473 755 4536 1¹¹2
773 4473 824 4537 90⁶¹
840 4473 948 4556 Ιξῑὸῑθὸθ
1039 4489 1179 4541 Wiersasm
1193 4489 1367 4554 heroicanym,
1381 4490 1567 4554 praypisanym
1578 4489 1707 4555 Zygmun·

311 4560 493 4630 P⁸⁰⁰Wlff¹¹0fn
511 4545 590 4608 imi
609 4544 792 4607 Fstl0¹¹⁸b³⁰i¹s
806 4545 949 4594 W⁰¹⁰W⁰d²
1074 4563 1136 4612 towi
1152 4562 1307 4612 Bathorema
1320 4560 1493 4626 Wojewodaie
1504 4560 1708 4626 Siedmlogroda·

313 4615 477 4701 Wfflfiffllikl
505 4616 581 4680 ¹⁰ss⁰²
616 4615 771 4666 iiffl'mffiss
799 4616 832 4665 ‘¹⁰
862 4633 947 4680 ’ΨΜ
1075 4633 1172 4692 ltiemu,
1191 4650 1205 4682 a
1224 4633 1301 4699 detq:
1323 4635 1354 4682 ln
1373 4633 1476 4685 stativis
1495 4633 1619 4699 hybernis
1641 4633 1706 4682 llus·
1784 4674 1786 4691 ,

312 4687 486 4754 P⁰b¹¹⁰2¹¹l⁰h
506 4685 626 4755 ”imii-
1074 4721 1119 4756 sue
1136 4705 1267 4755 thuranis
1280 4705 1314 4756 28
1329 4707 1464 4756 Decembr.
1480 4708 1510 4756 Δ.
1527 4704 1605 4758 1686.
1627 4705 1658 4754 W
1673 4702 1705 4765 tsj

276 4780 340 4830 Post
358 4786 396 4827 tot
415 4779 530 4835 labores,
558 4776 646 4845 (most
670 4775 751 4843 dalejl
770 4784 797 4828 et
815 4777 949 4827 molestias
1074 4777 1222 4840 denyseoyi
1250 4775 1379 4842 wyradnie
1406 4778 1551 4843 wspomina
1574 4785 1660 4833 autor,
1679 4777 1707 4824 ie

313 4849 478 4904 exantlatas,
496 4865 562 4914 qens
581 4849 682 4915 reliqna
709 4851 765 4900 vita
792 4865 850 4898 mea
868 4850 948 4897 snsti·
1074 4849 1178 4898 daiellto
1200 4851 1237 4898 lle
1258 4850 1332 4899 listas
1351 4855 1380 4898 at
1398 4849 1510 4898 Lacerta
1526 4864 1587 4898 orsa
1606 4849 1707 4896 wieres:

313 4939 376 4973 nere
395 4923 507 4986 amplius
526 4924 571 4970 vix
589 4930 682 4985 potest,
702 4921 822 4970 existimo
836 4937 876 4971 me
892 4919 968 5024 imi
1077 4923 1114 4971 lle
1133 4930 1191 4970 ortu
1211 4923 1438 4971 subterraneurum
1468 4937 1561 4982 rerum,
1588 4921 1707 4982 dswniey

314 5011 343 5043 se
361 4995 430 5044 inter
452 5008 496 5043 eos
523 4994 674 5056 numerari,
702 4994 797 5057 quibus
823 4998 947 5056 tanquam
1071 4992 1145 5056 jrmn
1164 4993 1303 5057 prsypissl.
1326 4993 1356 5039 W
1373 5003 1571 5056 tyrrrsnmtnym
1591 4990 1707 5046 heroiku,

314 5066 477 5131 defatigatis,
505 5063 639 5114 exhaustis
667 5073 694 5114 et
712 5065 835 5126 emeritis,
864 5065 947 5128 provi·
1075 5064 1122 5113 telt
1144 5064 1247 5128 miqday
1272 5063 1369 5113 innemi
1398 5064 1617 5128 dobrodziejstwa
1638 5059 1709 5112 ltrdla

315 5137 369 5191 deri
387 5139 476 5206 aliquo
494 5136 572 5188 modo
589 5137 663 5203 solet,
682 5135 859 5186 utresiduum
877 5136 949 5188 vitae
1076 5135 1121 5188 dla
1140 5136 1220 5187 siebie
1240 5135 1395 5204 wspomina:
