3600 5850
363 398 522 455 iSZLSZA.

134 615 172 665 W
191 613 253 665 5151.
280 610 435 677 1531511515.
465 610 621 677 5551555551]
646 612 699 678 sie:
728 610 808 661 155515

173 684 303 751 tytuiowa
320 684 330 735 i
348 682 367 735 4
385 683 465 749 karty
483 683 583 736 telrstu.

134 769 192 839 Byc
211 775 284 823 mete
303 772 328 823 it
347 779 392 823 ten
412 771 511 823 55511
530 770 682 839 poprsedni,
709 778 808 836 tworsa

170 845 252 911 jedne
271 839 369 895 551515.
390 844 461 895 115515
480 843 663 909 egaemplarss
689 842 806 908 15555515-

174 926 263 982 tnego,
282 916 410 966 51555515
427 913 595 981 porbwnanie
607 912 758 965 5555556515,
775 942 807 950 -

174 989 207 1037 W
227 989 410 1053 sgssmplarsu
435 985 504 1040 11151.
522 986 631 1052 Jagiell.
651 1001 687 1036 na
706 985 807 1035 odwro·

175 1059 214 1109 cie
233 1060 320 1124 tytuiu
340 1060 419 1125 151551,
439 1058 563 1124 55151155
581 1060 658 1123 litere
676 1058 701 1107 S.
717 1073 739 1105 w
752 1058 808 1107 orle

172 1129 371 1197 jagielloriskim
390 1130 399 1181 i
418 1139 516 1181 1555555
543 1128 685 1196 5555555551
713 1128 807 1180 dalem.

174 1204 217 1253 Ν5
234 1204 366 1269 55555115
390 1202 468 1253 mbwi
486 1210 576 1253 autor:
599 1202 656 1267 Ego
681 1200 808 1265 Magister

174 1275 292 1326 1555555
305 1273 435 1325 55155155
448 1274 556 1337 Majoris
565 1271 675 1337 Collegii
685 1272 762 1325 Orac.
777 1275 808 1323 ln

175 1347 280 1397 laudern
302 1346 482 1411 astripotentis
496 1346 546 1396 Dei
564 1344 671 1410 gloriosi
689 1346 721 1393 15
740 1359 808 1395 5555-

174 1433 331 1483 munemque
350 1418 485 1467 bominum
498 1431 574 1466 usum
625 1415 809 1480 prognosticon

171 1488 300 1553 judiciale
317 1488 352 1540 55
371 1504 397 1540 a.
416 1488 475 1539 Chr.
497 1486 573 1539 1512.
593 1497 741 1539 currentem
760 1486 810 1538 boc

174 1561 220 1625 qni
244 1560 345 1627 sequit,
363 1559 530 1611 scribendum
549 1559 626 1623 duxi,
646 1560 673 1608 in
692 1558 810 1624 capitula

176 1638 249 1683 55515
260 1632 327 1681 11155
339 1630 490 1696 parciendo.
503 1631 641 1694 Zacsyna:
660 1630 810 1695 Capitulum

175 1703 208 1754 de
226 1704 330 1769 magnis
348 1704 400 1755 ccli
417 1702 679 1767 configurationibus.
699 1703 741 1752 Na
754 1702 811 1752 dai·

175 1775 227 1839 esej
248 1775 351 1832 kareia:
368 1775 400 1826 55
419 1782 491 1825 51515
506 1774 727 1838 51555555ιί55,
745 1775 809 1825 Vra·

177 1845 377 1897 tislaviensium.
411 1846 547 1897 indicium
575 1846 751 1895 Summarium
779 1845 811 1896 de

176 1916 285 1982 ecclipsi
304 1918 398 1968 lunari.
439 1914 664 1980 Ν51555151111.1
685 1918 726 1966 De
739 1926 812 1966 statu

177 1988 341 2054 quorundam
360 2004 499 2055 regnorum
520 1996 546 2038 et
564 1988 647 2053 primo
667 1989 741 2050 regni
762 1990 811 2039 Po·

174 2060 253 2125 lonis,
272 2061 399 2126 Ungsrie,
410 2060 540 2111 Bohemie.
562 2061 604 2109 Na
617 2066 694 2109 ostat.
708 2059 810 2110 karolo:

176 2134 219 2183 De
244 2132 407 2184 civitatibus.
435 2128 605 2197 2515555515
628 2146 749 2195 wyrssy:
777 2130 813 2183 Et

175 2204 215 2253 sic
232 2203 322 2254 finitur
350 2214 403 2255 tarn
422 2204 487 2254 5551
504 2218 584 2267 quam
603 2202 724 2267 ecclipsis
737 2201 811 2267 judi-

175 2290 253 2325 55555.

138 2346 254 2397 Leiewel
272 2346 293 2398 1.
314 2344 356 2399 69.

153 2472 195 2481 -
220 2433 352 2499 1551515
367 2434 572 2498 cracouiense
587 2434 663 2497 anni
679 2443 711 2496 et
727 2432 812 2519 ecly-

83 2523 152 2607 psis
177 2545 234 2609 per
257 2525 413 2607 magistrat
428 2522 557 2588 Jacobs
573 2522 613 2586 de
629 2521 731 2586 Iezlza
755 2544 811 2607 pro

83 2613 233 2697 partibus
248 2617 381 2698 vtriusq.
400 2612 546 2678 Poionie:
564 2612 724 2697 Ungarie:
747 2618 811 2676 Au·

82 2702 181 2766 stris:
206 2699 374 2766 Bohcruie:
408 2701 564 2767 Saxonis:
596 2725 634 2767 ac
658 2722 715 2788 pro
739 2700 811 2785 alijs

81 2792 234 2876 partibus
262 2792 362 2877 varijs
385 2791 653 2855 Theotonicorum
677 2790 811 2854 calcula·

82 2897 167 2945 tum.
193 2882 303 2946 Preter
327 2879 386 2944 heo
410 2881 617 2968 Mosquitaru.
642 2880 809 2946 Protenor:

82 2979 116 3035 et
147 2970 341 3056 generaliter
375 2970 522 3036 omnibus
558 2990 655 3056 penes
689 2979 811 3035 oceauu

82 3060 368 3145 septentrionalem
391 3059 652 3126 inhabitantibus.
677 3058 739 3123 Pro
755 3083 809 3124 an-

82 3173 126 3214 no
145 3149 267 3216 Christi
281 3149 448 3215 millesimo
465 3151 718 3238 quingentesimo
735 3149 811 3213 duo·

83 3239 212 3304 5551555
235 3239 488 3306 accomodatum.
513 3240 616 3324 (Niz'ej
637 3238 812 3327 wyliczone

84 3329 218 3417 plansty
242 3330 433 3414 ronmaitym
457 3343 597 3394 stronom
620 3329 812 3418 przyslngu-

84 3421 179 3504 jace).
206 3442 234 3482 w
256 3423 327 3485 455.
352 3420 460 3501 (115515
484 3423 575 3502 goe).

139 3527 201 3578 Jest
219 3533 246 3576 to
265 3526 340 3592 tyllro
359 3526 466 3578 51551515
486 3525 677 3592 prognostylru,
704 3523 811 3592 ktbrego

175 3598 330 3663 sachowsry
350 3600 388 3663 sie
407 3615 429 3646 w
449 3597 511 3649 bibl.
530 3597 639 3664 Jagieil.
664 3597 743 3648 karta
762 3609 809 3664 tyt.

176 3671 185 3718 i
203 3669 313 3735 :lkarty
325 3669 421 3720 teirstu.
451 3669 543 3720 Korica
561 3670 714 3734 nisdostsje.
734 3669 810 3718 Drulr

176 3751 204 3791 te
218 3741 274 3806 jest
291 3741 470 3792 niesswodnie
489 3740 601 3792 Hallsre
619 3741 665 3791 lub
685 3742 707 3792 U
710 3741 809 3806 nglera

178 3811 220 3864 Ν5
238 3813 318 3865 odwr.
346 3821 394 3877 tyt.
414 3812 465 3878 pod
492 3813 625 3878 napinam:
645 3813 810 3863 Vaticinium

179 3884 308 3950 syderala
321 3885 468 3948 drzeworyt
480 3880 657 3948 owiartlrowy,
671 3885 810 3948 wyobrata

176 3956 336 4022 astronomis
365 3973 387 4006 w
406 3955 507 4021 postaci
535 3955 642 4022 kobiety
671 3956 810 4021 5515555551,

176 4029 230 4078 nad
255 4031 301 4094 nis
326 4029 416 4093 napis:
445 4028 618 4077 astronomia
648 4028 684 4077 Po
710 4028 809 4093 prawej

176 4099 228 4150 stoi
253 4099 319 4160 1551,
345 4116 378 4165 po
406 4098 481 4163 lewej
510 4097 601 4150 555551.
639 4099 695 4149 Lel.
715 4099 746 4166 (1.
766 4098 811 4164 69)

176 4169 236 4239 (555
254 4173 385 4237 blitsssgo
413 4172 496 4236 opica,
516 4186 545 4221 55
564 4170 655 4220 551555
684 4167 809 4221 55515515-

177 4242 285 4308 skiego,
314 4243 390 4309 ktory
417 4242 541 4308 poeiarlal
568 4242 645 4309 karte
662 4243 812 4308 tytuiowq),

176 4331 192 4364 5
204 4315 281 4378 rycin
300 4314 464 4384 tytulowyoh
478 4313 693 4379 wywnioskowsl
712 4313 811 4365 555155-

176 4403 222 4437 555
242 4385 368 4452 Unglera.

143 4476 228 4526 Karta
246 4476 283 4541 aij
298 4491 412 4540 ascsyna
424 4476 475 4542 sie:
491 4479 612 4527 Summus
625 4475 715 4526 omniu
726 4489 813 4524 rerum

179 4547 275 4610 opifex.
297 4549 338 4598 Ν5
356 4547 494 4613 nsstqpnej
515 4548 606 4598 155515
630 4547 703 4610 jest:
727 4547 811 4610 Oppo-

178 4619 241 4670 sitio
259 4619 389 4669 15555511.
410 4619 568 4683 Conjunctio
587 4618 734 4669 Februarii,
761 4620 812 4681 Op·

177 4691 272 4755 positio
291 4691 462 4742 Februarii...
482 4693 490 4740 i
509 4689 559 4741 1515
577 4706 652 4754 praes
672 4688 813 4753 wssystlrie

177 4760 327 4813 dwanaicis
354 4763 485 4828 miesiqcy.
526 4762 557 4810 W
578 4761 643 4812 Bibl.
670 4759 811 4826 lagiellor'r.

178 4849 208 4900 aa
227 4833 300 4898 tyllro
319 4833 410 4885 kartlri
429 4843 515 4897 esterp
532 4832 575 4900 (do
587 4832 746 4896 conjunctio
759 4836 810 4881 Au-

177 4905 259 4972 gusti)
279 4906 344 4974 5155
363 4901 436 4970 55115
461 4905 564 4965 155555,
583 4919 599 4954 5
618 4904 652 4954 115
673 4911 717 4952 155
745 4902 814 4952 5551

174 4979 230 5040 jest
248 4994 271 5026 w
285 4978 433 5044 5111551555
445 4975 622 5042 popraednim.
660 4977 702 5024 Na
721 4975 812 5024 lrarcie

178 5048 279 5114 drugiej
296 5049 352 5113 jest
369 5049 442 5099 takie
454 5047 659 5100 oiwiadcsenie:
678 5045 813 5110 Quaprop-

178 5131 219 5172 ter
231 5135 280 5187 ego
294 5121 420 5188 Magister
434 5120 565 5172 55155155
580 5119 688 5186 Majoris
702 5117 813 5184 Collegii

669 2345 776 2411 Jsgiell.

1136 388 1296 450 1555555.
1519 385 1572 451 tot

936 610 1025 661 Stadii
1043 610 1208 673 cracoviae,
1235 610 1421 676 prognosticon
1444 607 1573 673 ,iudiciale

939 682 974 733 ad
993 698 1017 733 5.
1037 682 1098 733 Cbr.
1128 680 1206 733 1512.
1232 689 1377 732 currentem
1406 680 1573 732 scribendum

939 754 1003 803 duxi
1033 754 1061 803 in
1086 752 1206 818 capitula
1230 758 1303 804 certa
1330 752 1397 803 11155
1422 751 1571 817 parciendo.

933 828 974 876 De
992 825 1101 889 magnis
1121 824 1179 875 celi
1204 821 1466 890 configurationibus.
1491 820 1572 887 Capi-

934 898 1019 947 tulum
1037 897 1157 961 primum.
1426 893 1533 959 Jagiell.

911 1022 955 1031 —
978 983 1142 1048 iudicium
1175 983 1405 1068 Prognosticon
1439 980 1481 1046 ad
1515 1002 1572 1045 au·

845 1095 922 1137 num
948 1076 1043 1139 1513.
1070 1097 1097 1135 w
1120 1077 1189 1137 455.

912 1200 954 1210 -
977 1164 1092 1229 Tota..
1117 1159 1212 1226 ada.
1240 1164 1334 1225 1514.
1362 1183 1390 1224 w
1414 1165 1483 1225 455.

912 1289 955 1299 -
979 1254 1092 1317 Tota..
1117 1252 1157 1313 ad
1182 1274 1211 1314 a.
1241 1254 1335 1316 1515.
1360 1273 1389 1313 w
1411 1255 1480 1315 455.

912 1341 1094 1405 -Το1;...
1118 1340 1160 1405 sd
1183 1363 1211 1403 a.
1242 1341 1334 1405 1516.
1362 1363 1390 1403 w
1414 1344 1482 1404 455.

899 1430 965 1482 11511
983 1433 1139 1495 nisenam,
1166 1429 1208 1483 ale
1226 1432 1275 1481 bes
1301 1431 1445 1496 wstpienis
1471 1430 1572 1494 vrytho-

938 1504 1012 1568 daiiy
1031 1518 1063 1554 co
1081 1502 1156 1554 5515.

915 1627 960 1639 -
984 1588 1144 1657 Jndieiale
1171 1591 1393 1676 prognosticon
1417 1586 1459 1653 ad
1483 1587 1573 1654 Chri-

848 1682 1037 1746 etiannum
1066 1682 1149 1745 1517
1174 1702 1231 1766 per
1258 1680 1447 1763 Magistrum
1477 1678 1574 1743 laco-

848 1770 926 1835 bum
950 1769 990 1834 55
1012 1770 1096 1833 leals
1119 1769 1321 1834 calculatum.
1348 1790 1375 1829 w
1395 1773 1464 1832 455.

903 1861 952 1911 Ob.
972 1860 1057 1911 Lilius
1070 1859 1128 1911 Gw.
1142 1858 1235 1925 (1513)
1247 1887 1278 1895 -
1289 1859 1385 1923 Pyraei
1397 1858 1465 1908 1155.
1472 1856 1571 1923 (15211).

915 1987 960 1995 —
983 1947 1187 2034 Opusoulum
1221 1948 1309 2011 aurei
1343 1944 1506 2011 tractatuli
1541 1946 1573 2009 in

849 2036 1066 2121 Astrologicis
1081 2038 1123 2123 55
1138 2036 1257 2123 pluuiis
1271 2035 1375 2099 ventis
1391 2055 1430 2099 ac
1445 2034 1486 2098 de
1501 2033 1574 2118 alijs

849 2126 951 2211 varijs
973 2147 1077 2191 aurae
1100 2125 1370 2211 dispositionibus,
1395 2145 1452 2210 per
1475 2124 1574 2207 magi·

848 2230 949 2281 strum
973 2215 1131 2282 Jacobum
1155 2215 1239 2280 [elza
1263 2213 1452 2280 Cracouien.
1486 2213 1575 2277 luris

849 2318 880 2371 et
914 2304 1074 2388 theologie
1108 2304 1270 2370 doctorem
1309 2304 1439 2383 5511555.
1477 2305 1573 2369 1519.

850 2396 968 2483 (Tytul
992 2392 1097 2457 51555
1120 2393 1222 2459 55555
1246 2391 1461 2457 drulrarslricb
1485 2414 1572 2482 aoy·

849 2488 897 2569 ira
920 2482 1135 2568 hallerowslra
1158 2504 1189 2545 w
1211 2484 1328 2567 gbrze).
1353 2483 1417 2565 (Ν5
1440 2482 1572 2562 15551551)

848 2575 1044 2658 impressum
1080 2571 1280 2637 Graccoviae
1311 2572 1344 2634 in
1371 2569 1486 2650 edibus
1517 2570 1572 2634 dni

848 2662 983 2729 Joannis
1007 2660 1129 2727 Haller.
1165 2662 1262 2725 Auno
1291 2661 1431 2739 humane
1461 2660 1573 2725 salutis

848 2752 999 2817 Millessio
1023 2755 1294 2836 quingentessimo
1325 2750 1450 2815 decimo
1477 2772 1571 2815 nono.

848 2866 877 2907 w
900 2846 971 2928 455,
996 2840 1069 2904 ksrt
1095 2844 1146 2905 16.

902 2948 1066 3013 1155715515
1090 2948 1430 3014 551115155155515151585,
1450 2947 1574 2998 Ρ55155-

938 3021 1055 3086 elersego
1076 3021 1137 3071 Kor.
1167 3036 1202 3071 55,
1219 3018 1320 3070 655555
1349 3020 1423 3071 Bislr.
1452 3022 1573 3083 Praemy-

938 3093 1036 3157 skiego.
1075 3091 1196 3158 oodsjao
1219 3107 1264 3141 mu
1283 3091 1387 3142 wielkie
1410 3091 1478 3156 jako
1502 3092 1572 3155 opie-

938 3164 1046 3214 kunowi
1065 3164 1203 3227 ucsonycb
1221 3165 1231 3213 i
1249 3163 1398 3214 iwiatismu
1416 3162 1571 3213 ministrowi

941 3233 1091 3301 pounsey,
1117 3234 1270 3300 5555555155,
1288 3236 1319 3285 15
1338 3234 1470 3286 51515515
1494 3249 1574 3284 55555

937 3307 1099 3372 51155155,
1120 3306 1245 3357 Wiedniu
1269 3314 1355 3372 potem
1380 3321 1404 3355 w
1422 3305 1572 3371 Krakowie‚

938 3378 1069 3430 55155155
1079 3393 1118 3428 we
1126 3378 1269 3429 Wiosaecb
1277 3393 1313 3428 55
1323 3377 1451 3429 55515515
1462 3378 1572 3429 5155511.

937 3451 980 3501 Na
998 3448 1130 3516 pocaatku
1148 3465 1235 3514 swego
1260 3449 1380 3500 15511515
1405 3448 1524 3514 wysnaje
1541 3450 1572 3498 15

938 3541 952 3573 s
981 3525 1048 3587 piam
1082 3520 1261 3586 poprzednilrt
1292 3536 1389 3585 wege,
1420 3519 1573 3586 Wojcieeha

939 3592 1162 3658 Brudsewskiego
1181 3594 1224 3659 (55
1242 3591 1379 3657 Brudsow)
1407 3591 1572 3656 1555551511

937 3666 1038 3717 515555
1058 3662 1270 3716 doiwiadcsenia
1288 3664 1384 3728 caynii.

902 3739 979 3790 llbwi
997 3746 1040 3788 tu:

899 3828 956 3880 Etsi
975 3827 1052 3878 multi
1070 3827 1115 3892 (55
1135 3825 1311 3876 instabilitate
1337 3840 1369 3875 ac
1394 3824 1460 3889 ipsis
1484 3825 1574 3874 imbri-

935 3902 995 3963 bus)
1014 3898 1180 3963 scripsissent
1197 3895 1293 3962 multa,
1313 3897 1448 3961 omniumq
1466 3896 1571 3962 penitus

936 3971 1151 4022 Gracouiensium
1179 3970 1275 4035 posteri
1300 3970 1332 4018 55
1350 3984 1378 4019 55
1397 3968 1448 4033 ipsi
1476 3967 1573 4019 curiosi

936 4043 1102 4107 indagatores
1120 4042 1202 4091 fuere.
1222 4041 1287 4091 Cum
1307 4040 1423 4090 enimin
1442 4047 1496 4089 tam
1515 4055 1572 4106 pre·

935 4113 1081 4165 clarissimo
1090 4124 1151 4165 cetu
1161 4114 1275 4162 virorum
1285 4109 1455 4176 eruditorum,
1465 4112 1573 4175 signan-

937 4195 976 4237 ter
996 4186 1023 4235 15
1042 4185 1208 4250 astrologicis
1232 4184 1383 4234 extitissent
1408 4198 1460 4233 non
1486 4183 1573 4247 pauci,

938 4259 985 4322 qui
1003 4259 1057 4307 suis
1075 4256 1239 4308 oberrantiis
1265 4265 1410 4320 temporum
1436 4256 1511 4305 varia
1528 4269 1574 4304 ex·

939 4331 1084 4394 periments
1103 4330 1136 4378 55
1148 4327 1326 4379 instabilitate
1345 4342 1409 4376 aure
1427 4341 1574 4391 percepere

939 4403 975 4450 Et
993 4401 1174 4468 unusquisqne
1191 4407 1269 4466 prout
1287 4413 1348 4449 cum
1370 4398 1514 4448 maioribus
1532 4397 1573 4448 fa-

940 4473 1002 4537 tigis
1021 4488 1074 4523 rem
1093 4472 1177 4536 ipsam
1202 4471 1290 4522 verina
1306 4470 1451 4536 indagatus
1469 4481 1518 4532 est,
1536 4469 1575 4518 115

938 4552 966 4593 51
983 4560 1042 4594 cum
1055 4545 1147 4593 maiori
1164 4543 1304 4608 diligentia
1321 4541 1389 4592 11155
1408 4542 1499 4605 (etiam
1518 4541 1574 4591 5515

939 4615 1015 4666 55155
1029 4615 1206 4680 amicissimis)
1218 4614 1325 4676 5515511,
1343 4630 1378 4664 55
1392 4619 1446 4663 tam
1465 4612 1574 4664 nobilis-

939 4687 1006 4736 sima
1018 4703 1060 4736 res
1072 4702 1121 4737 sua
1133 4687 1245 4737 51155551
1262 4685 1419 4751 frequentia
1438 4686 1498 4736 Non
1512 4684 1576 4749 quis

939 4759 1050 4824 posteris
1068 4758 1225 4823 inviderent,
1243 4759 1289 4808 555
1308 4759 1372 4824 qnia
1389 4755 1516 4807 nolebant
1534 4757 1573 4806 in·

941 4830 1034 4894 dignos
1052 4839 1079 4880 et
1097 4838 1193 4880 natura
1205 4829 1302 4889 tardos,
1322 4830 1365 4878 vel
1377 4829 1465 4878 studio
1478 4830 1574 4894 pigros,

939 4901 1018 4951 facile
1036 4902 1140 4951 5555115
1157 4900 1326 4951 scientiarum
1354 4900 1461 4965 assequi
1486 4914 1574 4964 posse.

939 4972 970 5024 ld
988 4986 1005 5021 5
1029 4973 1146 5028 Platone,
1177 4971 1204 5021 15
1228 4974 1262 5023 55
1281 4973 1421 5023 Aristotele
1448 4972 1572 5034 ceteriaq.

939 5045 1059 5094 omnibus
1078 5043 1227 5094 1555151555
1239 5051 1287 5108 est,
1306 5045 1333 5095 id
1345 5045 1428 5093 multo
1440 5043 1526 5106 magis
1544 5042 1573 5091 in

939 5115 1089 5181 Astrologis
1107 5113 1268 5170 laciendum.
1288 5118 1357 5168 Nam
1380 5124 1480 5182 quanto
1505 5114 1573 5166 divi·
